% Encoding: UTF-8

@InProceedings{Nagata_2017,
  author    = {Fusaomi Nagata and Yudai Okada and Akimasa Otsuka and Takeshi Ikeda and Takamasa Kusano and Keigo Watanabe},
  booktitle = {2017 {IEEE} International Conference on Mechatronics and Automation ({ICMA})},
  title     = {Post processor for industrial robots {\textemdash} Circular arc interpolation of {CLS} data to generate {FANUC} robotic program {\textemdash}},
  year      = {2017},
  month     = {aug},
  publisher = {{IEEE}},
  doi       = {10.1109/icma.2017.8015871},
  groups    = {Генерация программ},
}

@InProceedings{Scaria_2019,
  author    = {Bittu Scaria and Nazarudeen A. Aziz and Alavikunhu Panthakkan},
  booktitle = {2019 2nd International Conference on Signal Processing and Information Security ({ICSPIS})},
  title     = {Cost Effective Real Time Vision Interface for Off Line Simulation of Fanuc Robots},
  year      = {2019},
  month     = {oct},
  publisher = {{IEEE}},
  abstract  = {Использование собственной СТЗ для FANUC},
  doi       = {10.1109/icspis48135.2019.9045895},
  groups    = {Системы технического зрения},
}

@InProceedings{Fei_Gao_2015,
  author    = {Fei Gao and Qinglan Chen and Lanzhong Guo},
  booktitle = {2015 International Conference on Control, Automation and Information Sciences ({ICCAIS})},
  title     = {Study on arc welding robot weld seam touch sensing location method for structural parts of hull},
  year      = {2015},
  month     = {oct},
  publisher = {{IEEE}},
  abstract  = {Компенсация неточностей в установке уголка},
  doi       = {10.1109/iccais.2015.7338704},
  groups    = {Ощупывание},
}

@InProceedings{Yi_Jinggang_2010,
  author    = {Yi Jinggang and Jiang Haiyong and Xing Yazhou and Liu Jiangtao and Ma Yuejin},
  booktitle = {2010 International Conference on Mechanic Automation and Control Engineering},
  title     = {Obstacle-avoiding automatic welding machine based on dual-welding-torch Synchronous linkage},
  year      = {2010},
  month     = {jun},
  publisher = {{IEEE}},
  abstract  = {Избегание препятствий при наплавке на установке горелкой с двумя соплами},
  doi       = {10.1109/mace.2010.5535579},
  groups    = {Установки для наплавки},
}

@Article{Zeng_2018,
  author    = {Jiang Zeng and Guangzhong Cao and Wenbo Li and Jundi Sun and Jieying Lv and Baochang Chen},
  journal   = {Journal of Physics: Conference Series},
  title     = {Feature point extraction based on contour detection and corner detection for weld seam},
  year      = {2018},
  month     = {sep},
  pages     = {012161},
  volume    = {1074},
  abstract  = {Определение шва камерой},
  doi       = {10.1088/1742-6596/1074/1/012161},
  groups    = {Системы технического зрения},
  publisher = {{IOP} Publishing},
}

@Article{Deyong_You_2014,
  author    = {Deyong You and Xiangdong Gao and Seiji Katayama},
  journal   = {{IEEE} Transactions on Industrial Informatics},
  title     = {Multisensor Fusion System for Monitoring High-Power Disk Laser Welding Using Support Vector Machine},
  year      = {2014},
  month     = {may},
  number    = {2},
  pages     = {1285--1295},
  volume    = {10},
  abstract  = {Использование установки},
  doi       = {10.1109/tii.2014.2309482},
  groups    = {Установки для наплавки},
  publisher = {Institute of Electrical and Electronics Engineers ({IEEE})},
}

@InProceedings{Jafari_2010,
  author    = {Mohammad Jafari and Zahra Malekjamshidi},
  booktitle = {2010 {IEEE} Symposium on Industrial Electronics and Applications ({ISIEA})},
  title     = {Design of a new intelligent current controller for a welding machine},
  year      = {2010},
  month     = {oct},
  publisher = {{IEEE}},
  abstract  = {Разработка для сварочной установки},
  doi       = {10.1109/isiea.2010.5679457},
  groups    = {Установки для наплавки},
}

@InProceedings{Su_2010,
  author    = {Haitao Su and Jinfeng Hu and Haiqing Guo},
  booktitle = {2010 3rd International Conference on Information Management, Innovation Management and Industrial Engineering},
  title     = {Submerged Arc Welding Procedure Improvement Based on Human-Machine Operation Analysis},
  year      = {2010},
  month     = {nov},
  publisher = {{IEEE}},
  abstract  = {Наплавка под флюсом},
  doi       = {10.1109/iciii.2010.123},
  groups    = {Установки для наплавки},
}

@InProceedings{Baskoro_2016,
  author    = {Ario Sunar Baskoro and Randy Tandian and Haikal and Andreas Edyanto and Agung Shamsuddin Saragih},
  booktitle = {2016 International Conference on Advanced Computer Science and Information Systems ({ICACSIS})},
  title     = {Automatic Tungsten Inert Gas ({TIG}) welding using machine vision and neural network on material {SS}304},
  year      = {2016},
  month     = {oct},
  publisher = {{IEEE}},
  doi       = {10.1109/icacsis.2016.7872739},
  groups    = {Установки для наплавки},
}

@InProceedings{Qi_2019,
  author    = {Jiacheng Qi and Qiang Fu and Yifei Wu and Mo Yang and Yu Liu},
  booktitle = {2019 {IEEE} International Conference on Mechatronics and Automation ({ICMA})},
  title     = {An All Position Automatic Welding Machine of Large Diameter Penstock},
  year      = {2019},
  month     = {aug},
  publisher = {{IEEE}},
  abstract  = {Идеальный пример},
  doi       = {10.1109/icma.2019.8816307},
  groups    = {Установки для наплавки},
}

@InProceedings{Yang_2020,
  author    = {Qingfeng Yang and Chonghao zhang and Chunfen Hu and Haifei Zhou and Jianmei Zhou},
  booktitle = {2020 13th International Symposium on Computational Intelligence and Design ({ISCID})},
  title     = {Design of data acquisition and monitoring system for welding machine},
  year      = {2020},
  month     = {dec},
  publisher = {{IEEE}},
  abstract  = {Сбор данных со сварочного аппарата},
  doi       = {10.1109/iscid51228.2020.00030},
  groups    = {Добрать объём},
}

@InProceedings{Mei_2019,
  author    = {Tianxiang Mei and Yi Yang and Jianbo Chen and Zhang Guihong and Ziyun Jiao and Long Gao and Xiaolin Ren and Qing Li},
  booktitle = {2019 Chinese Control And Decision Conference ({CCDC})},
  title     = {Simulation Research on Motion Trajectory of {PUMA} 560 Manipulator Based on {MATLAB}},
  year      = {2019},
  month     = {jun},
  publisher = {{IEEE}},
  doi       = {10.1109/ccdc.2019.8832476},
  groups    = {Puma},
}

@Article{Fan_Tien_Cheng_1997,
  author    = {Fan-Tien Cheng and Tzung-Liang Hour and York-Yin Sun and Tsing-Hua Chen},
  journal   = {{IEEE} Transactions on Systems, Man, and Cybernetics, Part B (Cybernetics)},
  title     = {Study and resolution of singularities for a 6-{DOF} {PUMA} manipulator},
  year      = {1997},
  month     = {apr},
  number    = {2},
  pages     = {332--343},
  volume    = {27},
  doi       = {10.1109/3477.558842},
  groups    = {Puma},
  publisher = {Institute of Electrical and Electronics Engineers ({IEEE})},
}

@InProceedings{Gupta_1990,
  author    = {Akshay Gupta and P.M. Lynch},
  booktitle = {1990 American Control Conference},
  title     = {Selection of Optimal Axis Configurations in a Robot Path},
  year      = {1990},
  month     = {may},
  publisher = {{IEEE}},
  doi       = {10.23919/acc.1990.4790948},
  groups    = {Puma},
}

@InProceedings{Frolov_2020,
  author    = {A.V. Frolov},
  booktitle = {2020 International Multi-Conference on Industrial Engineering and Modern Technologies ({FarEastCon})},
  title     = {Automation the Welding Trajectory Control},
  year      = {2020},
  month     = {oct},
  publisher = {{IEEE}},
  doi       = {10.1109/fareastcon50210.2020.9271607},
  groups    = {Генерация траекторий},
}

@Article{Lange_2016,
  author    = {Friedrich Lange and Alin Albu-Schaffer},
  journal   = {{IEEE} Robotics and Automation Letters},
  title     = {Path-Accurate Online Trajectory Generation for Jerk-Limited Industrial Robots},
  year      = {2016},
  month     = {jan},
  number    = {1},
  pages     = {82--89},
  volume    = {1},
  doi       = {10.1109/lra.2015.2506899},
  groups    = {Генерация траекторий},
  publisher = {Institute of Electrical and Electronics Engineers ({IEEE})},
}

@InProceedings{Boby_2016,
  author    = {R. A. Boby and S. K. Saha},
  booktitle = {2016 {IEEE} International Conference on Robotics and Automation ({ICRA})},
  title     = {Single image based camera calibration and pose estimation of the end-effector of a robot},
  year      = {2016},
  month     = {may},
  publisher = {{IEEE}},
  doi       = {10.1109/icra.2016.7487395},
  groups    = {Системы технического зрения},
}

@InProceedings{Aponte_A__2020,
  author    = {Ronald D. Aponte A. and Roney A. Villaviencio. and Sixto R. Prado G.},
  booktitle = {2020 {IEEE} {ANDESCON}},
  title     = {Generation of Trajectories-Robot by Off-line Programming To Obtain High Quality {MAG} Welding Beads},
  year      = {2020},
  month     = {oct},
  publisher = {{IEEE}},
  doi       = {10.1109/andescon50619.2020.9272075},
  groups    = {Генерация траекторий},
}

@InProceedings{Dai_2011,
  author    = {Yuanjun Dai and Ning Shi and Yigong Lu and Yan He},
  booktitle = {2011 International Conference on Electrical and Control Engineering},
  title     = {Experimental research and analysis of aluminum pulsed {MIG} welding},
  year      = {2011},
  month     = {sep},
  publisher = {{IEEE}},
  doi       = {10.1109/iceceng.2011.6058370},
  groups    = {Параметры},
}

@InProceedings{Gwan_Hyung_Kim,
  author    = {Gwan-Hyung Kim and Sung-In Kang and Sang-Bae Lee},
  booktitle = {1999 Third International Conference on Knowledge-Based Intelligent Information Engineering Systems. Proceedings (Cat. No.99TH8410)},
  title     = {A study on the estimate of weld bead shape and the compensation of welding parameters by considering weld defects in horizontal fillet welding},
  year      = {1999},
  publisher = {{IEEE}},
  doi       = {10.1109/kes.1999.820157},
  groups    = {Параметры},
}

@InProceedings{Lin_2018,
  author    = {Hsuan-Liang Lin and Chien-Hang Lee and Hsin-Ya Chen and Fu-Jyun Nan},
  booktitle = {2018 {IEEE} International Conference on Advanced Manufacturing ({ICAM})},
  title     = {Effects of the {MIG} weld-brazing parameter on the lap-joint performance of aluminum alloy to galvanized steel sheet},
  year      = {2018},
  month     = {nov},
  publisher = {{IEEE}},
  doi       = {10.1109/amcon.2018.8615082},
  groups    = {Параметры},
}

@InProceedings{Xu_2008,
  author    = {Jian-ning Xu and Hua Zhang and Guang-yun Zhang and Yu-long Li and Rong-hua Hu},
  booktitle = {2008 {IEEE} Conference on Cybernetics and Intelligent Systems},
  title     = {The choice of welding parameters and prediction of weld seam dimensions for welding rapid prototyping},
  year      = {2008},
  month     = {sep},
  publisher = {{IEEE}},
  doi       = {10.1109/iccis.2008.4670739},
  groups    = {Параметры},
}

@InProceedings{Al_Sarraf_2016,
  author    = {Ziad Sh Al Sarraf and Joan A. Akrawi},
  booktitle = {2016 7th International Conference on Mechanical and Aerospace Engineering ({ICMAE})},
  title     = {Design, simulation and fabrication of ultrasonic welding device used to improve welding parameters},
  year      = {2016},
  month     = {jul},
  publisher = {{IEEE}},
  doi       = {10.1109/icmae.2016.7549544},
  groups    = {Способ определения параметров, Параметры},
}

@InProceedings{Liang_2011,
  author    = {Caiping Liang and Funfun Sun and Xiaohang Liu},
  booktitle = {2011 International Conference on Consumer Electronics, Communications and Networks ({CECNet})},
  title     = {Effect of weld parameters on weld quality in sheet to tube joining with simulation and experimental research},
  year      = {2011},
  month     = {apr},
  publisher = {{IEEE}},
  doi       = {10.1109/cecnet.2011.5768971},
  groups    = {Параметры},
}

@InProceedings{Oo_2018,
  author    = {Hein Zaw Oo and Prapas Muangjunburee},
  booktitle = {2018 5th International Conference on Business and Industrial Research ({ICBIR})},
  title     = {Effects of the austenitic buffer layer on abrasive mass losses of alloys hardfaced with a martensitic layer using submerged arc welding},
  year      = {2018},
  month     = {may},
  publisher = {{IEEE}},
  doi       = {10.1109/icbir.2018.8391201},
  groups    = {Наплавка},
}

@Article{Hattori_1965,
  author    = {Ichiro Hattori},
  journal   = {Journal of the Japan Welding Society},
  title     = {Defects in Welded Joint of Structures and Evaluation Therefor},
  year      = {1965},
  number    = {7},
  pages     = {641--653},
  volume    = {34},
  doi       = {10.2207/qjjws1943.34.641},
  groups    = {Добрать объём},
  publisher = {Japan Welding Society},
}

@Article{Seregina_2018,
  author    = {E. S. Seregina and T. N. Ayupova},
  journal   = {Litiyo i Metallurgiya ({FOUNDRY} {PRODUCTION} {AND} {METALLURGY})},
  title     = {Defects of welded joints of the wire, causing breakages during drawing},
  year      = {2018},
  month     = {oct},
  number    = {3},
  pages     = {71--75},
  doi       = {10.21122/1683-6065-2018-3-71-75},
  groups    = {Добрать объём},
  publisher = {Belarusian National Technical University},
}

@InProceedings{Muller_2018,
  author    = {V.V. Muller and V.N. Mitroshin},
  booktitle = {2018 International Russian Automation Conference ({RusAutoCon})},
  title     = {Automatic System of Shape Weld Stabilization with Manual and Mechanized Argon-Arc Welding by Non-Consumable Electrode},
  year      = {2018},
  month     = {sep},
  publisher = {{IEEE}},
  doi       = {10.1109/rusautocon.2018.8501708},
  groups    = {Добрать объём},
}

@InProceedings{Aiteanu,
  author    = {D. Aiteanu and B. Hillers and A. Graser},
  booktitle = {The Second {IEEE} and {ACM} International Symposium on Mixed and Augmented Reality, 2003. Proceedings.},
  title     = {A step forward in manual welding: demonstration of augmented reality helmet},
  publisher = {{IEEE} Comput. Soc},
  doi       = {10.1109/ismar.2003.1240734},
  groups    = {Добрать объём},
}

@Comment{jabref-meta: databaseType:bibtex;}

@Comment{jabref-meta: fileDirectoryLatex-Artem-ErmolenkoAO:C:\\Users\\Artem\\Desktop\\D\\Github\\Dissertation;}

@Comment{jabref-meta: grouping:
0 AllEntriesGroup:;
1 StaticGroup:Системы технического зрения\;0\;1\;0xffff00ff\;\;\;;
1 StaticGroup:Ощупывание\;0\;0\;0x00ffffff\;\;\;;
1 StaticGroup:Генерация программ\;0\;0\;0x00ff00ff\;\;\;;
1 StaticGroup:Генерация траекторий\;0\;1\;0x800080ff\;\;\;;
1 StaticGroup:Установки для наплавки\;0\;1\;0xff0000ff\;\;\;;
1 StaticGroup:Наплавка\;0\;1\;0x800000ff\;\;\;;
1 StaticGroup:Puma\;0\;0\;0xff00ffff\;\;\;;
1 StaticGroup:Параметры\;0\;1\;0xffffffff\;\;\;;
1 StaticGroup:Добрать объём\;0\;0\;0x669966ff\;\;\;;
}
